
@article{obs,
	doi = {10.1103/physrevlett.116.061102},
	url = {https://doi.org/10.1103%2Fphysrevlett.116.061102},
	year  = {2016},
	month = {Feb},
	publisher = {American Physical Society ({APS})},
	volume = {116},
	number = {6},
	author = {B.{\hspace{0.167em}}P. Abbott et. al.},
	title = {Observation of Gravitational Waves from a Binary Black Hole Merger},
	journal = {Physical Review Letters}
}

@article{obs2,
	doi = {10.1103/physrevlett.116.241103},
	url = {https://doi.org/10.1103%2Fphysrevlett.116.241103},
	year  = {2016},
	month = {Jun},
	publisher = {American Physical Society ({APS})},
	volume = {116},
	number = {24},
	author = {B.{\hspace{0.167em}}P. Abbott et. al.},
	title = {{GW}151226: Observation of Gravitational Waves from a 22-Solar-Mass Binary Black Hole Coalescence},
	journal = {Physical Review Letters}
}

@article{eins1,
	doi = {},
	url = {},
	year  = {1916},
	month = {},
	publisher = {},
	volume = {},
	number = {688-696},
	author = {A. Einstein},
	title = {Näherungsweise Integration der Feldgleichungen der Gravitation},
	journal = {Sitzungsberichte  der
	Königlich Preussischen Akademie der Wissenschaften Berlin}
}

@article{eins2,
	doi = {},
	url = {},
	year  = {1918},
	month = {},
	publisher = {},
	volume = {},
	number = {154-167},
	author = {A. Einstein},
	title = {Über Gravitationswellen},
	journal = {Sitzungsberichte  der
	Königlich Preussischen Akademie der Wissenschaften Berlin}
}

@article{gw1,
	doi = {},
	url = {http://www.hs.uni-hamburg.de/DE/GNT/events/pdf/steinicke05.pdf},
	year  = {2005},
	month = {},
	publisher = {Wiley},
	volume = {326},
	number = {7},
	author = {W. Steinicke},
	title = {Einstein and the Gravitational Waves},
	journal = {Astronomische Nachrichten}
}

@article{eins3,
	doi = {},
	url = {},
	year  = {1937},
	month = {},
	publisher = {},
	volume = {223},
	number = {43-54},
	author = {A. Einstein, N. Rosen},
	title = {On Gravitational Waves},
	journal = {Journal of the Franklin Institute}
}

@article{hulse,
	doi = {10.1086/159690},
	url = {https://doi.org/10.1086%2F159690},
	year  = {1982},
	month = {Feb},
	publisher = {{IOP} Publishing},
	volume = {253},
	pages = {908},
	author = {J. H. Taylor and J. M. Weisberg},
	title = {A new test of general relativity - Gravitational radiation and the binary pulsar {PSR} 1913$\mathplus$16},
	journal = {The Astrophysical Journal}
}

@article{mm,
    doi = {10.1088/1742-6596/718/2/022004},
    url = {https://doi.org/10.1088%2F1742-6596%2F718%2F2%2F022004},
    year  = {2016},
    month = {May},
    publisher = {{IOP} Publishing},
    volume = {718},
    pages = {022004},
    author = {Marica Branchesi},
    title = {Multi-messenger astronomy: gravitational waves,  neutrinos,  photons,  and cosmic rays},
    journal = {Journal of Physics: Conference Series}
}

@article{mm2,
	doi = {10.1007/lrr-2016-1},
	url = {Living Reviews in Relativity},
	year  = {2016},
	month = {Dec},
	publisher = {Springer},
	volume = {1},
	pages = {19},
	author = {B.{\hspace{0.167em}}P. Abbott et. al.},
	title = {Prospects for Observing and Localizing Gravitational-Wave Transients with Advanced LIGO and Advanced Virgo},
	journal = {Living Reviews in Relativity}
}

@article{qgrav,
	doi = {10.1140/epjc/s10052-016-4265-8},
    url = {https://doi.org/10.1140%2Fepjc%2Fs10052-016-4265-8},
	year  = {2016},
	month = {Jul},
	publisher = {Springer Nature},
	volume = {76},
	number = {8},
	author = {Xavier Calmet and Iber{\^{e}} Kuntz and Sonali Mohapatra},
	title = {Gravitational Waves in Effective Quantum Gravity},
	journal = {The European Physical Journal C}
}

@article{lisa,
	doi = {10.1088/0264-9381/29/12/124016},
	url = {https://doi.org/10.1088%2F0264-9381%2F29%2F12%2F124016},
	year  = {2012},
	month = {Jun},
	publisher = {{IOP} Publishing},
	volume = {29},
	number = {12},
	pages = {124016},
	author = {Pau Amaro-Seoane et al.},
	title = {Low-frequency gravitational-wave science with {eLISA}/{NGO}},
	journal = {Classical and Quantum Gravity}
}


@book{hartle,
	author    = {James B. Hartle}, 
	title     = {Gravity: An Introduction to Einstein's General Relativity},
	publisher = {Addison Wesley},
	year      = 2003,
	volume    = ,
	series    = ,
	address   = {The address},
	edition   = ,
	month     = ,
	note      = {An optional note},
	isbn      = {0-8053-8662-9}
}

@article{blanch,
	doi = {10.1103/physrevlett.74.3515},
	url = {https://doi.org/10.1103%2Fphysrevlett.74.3515},
	year  = {1995},
	month = {May},
	publisher = {American Physical Society ({APS})},
	volume = {74},
	number = {18},
	pages = {3515--3518},
	author = {Luc Blanchet and Thibault Damour and Bala R. Iyer and Clifford M. Will and Alan G. Wiseman},
	title = {Gravitational-Radiation Damping of Compact Binary Systems to Second Post-Newtonian Order},
	journal = {Physical Review Letters}
}

@misc{fig2,
	author       = {Swinburne Astronomy Productions}, 
	url        = {https://astronomynow.com/2016/02/11/gravitational-waves-found-from-merging-black-holes/},
	howpublished = {},
	month        = {},
	year         = {},
	note         = {Accessed {09/04/2017}}
}

@misc{fig1,
	author       = {Unknown}, 
	url        = {https://www.learner.org/courses/physics/visual/img_lrg/gravitational_waves.jpg},
	howpublished = {},
	month        = {},
	year         = {},
	note         = {Accessed {09/04/2017}}
}